<record xmlns="http://www.loc.gov/MARC21/slim" xmlns:xsi="http://www.w3.org/2001/XMLSchema-instance" xsi:schemaLocation="http://www.loc.gov/MARC21/slim http://www.loc.gov/standards/marcxml/schema/MARC21slim.xsd"><leader>02600nam a2200493   4500</leader><controlfield tag="001">1043397</controlfield><controlfield tag="003">NNC</controlfield><controlfield tag="006">m        d        </controlfield><controlfield tag="007">cr cn |||m|||a</controlfield><controlfield tag="008">150110r19831974ir h    ob    001 0 ara d</controlfield><datafield ind1=" " ind2=" " tag="040"><subfield code="a">NNU</subfield><subfield code="b">eng</subfield><subfield code="e">rda</subfield><subfield code="c">NNU</subfield></datafield><datafield ind1="0" ind2=" " tag="041"><subfield code="a">ara</subfield><subfield code="a">per</subfield></datafield><datafield ind1=" " ind2="4" tag="050"><subfield code="a">BP131.8</subfield><subfield code="b">.Q28 1983</subfield></datafield><datafield ind1="1" ind2=" " tag="100"><subfield code="6">880-01</subfield><subfield code="a">Qaysi&#772;, Makki&#772; ibn H&#803;ammu&#772;sh,</subfield><subfield code="d">966-1045.</subfield></datafield><datafield ind1="1" ind2="0" tag="240"><subfield code="6">880-02</subfield><subfield code="a">Mushkil i&#699;ra&#772;b al-Qur&#700;an</subfield></datafield><datafield ind1="1" ind2="0" tag="245"><subfield code="6">880-03</subfield><subfield code="a">Kita&#772;b mushkil i&#699;ra&#772;b al-Qur&#700;a&#772;n /</subfield><subfield code="c">ta&#700;li&#772;f Makki&#772; ibn Abi&#772; Ta&#772;lib al-Qaysi&#772; ; tah&#803;qi&#772;q Ya&#772;si&#772;n Muh&#803;ammad al-Sawwa&#772;s ; muqaddamah wa-sharh&#803;, &#699;Ali&#772; Rad&#803;a&#772; Mi&#772;rza&#772; Muh&#803;ammad.</subfield></datafield><datafield ind1=" " ind2=" " tag="260"><subfield code="6">880-04</subfield><subfield code="a">T&#803;ehra&#772;n :</subfield><subfield code="b">Intisha&#772;ra&#772;t Nu&#772;r,</subfield><subfield code="c">1362 [1983]</subfield></datafield><datafield ind1=" " ind2=" " tag="300"><subfield code="a">online resource (2 volumes) :</subfield><subfield code="b">facsimiles</subfield></datafield><datafield ind1=" " ind2=" " tag="336"><subfield code="a">text</subfield><subfield code="2">rdacontent</subfield></datafield><datafield ind1=" " ind2=" " tag="337"><subfield code="a">computer</subfield><subfield code="2">rdamedia</subfield></datafield><datafield ind1=" " ind2=" " tag="338"><subfield code="a">online resource</subfield><subfield code="2">rdacarrier</subfield></datafield><datafield ind1=" " ind2=" " tag="500"><subfield code="a">Text in Arabic: introd, in Persian.</subfield></datafield><datafield ind1=" " ind2=" " tag="500"><subfield code="a">Cover title: Mushkil i&#699;ra&#772;b al-Qur&#700;an.</subfield></datafield><datafield ind1=" " ind2=" " tag="500"><subfield code="a">Originally published: Dimashq : Majma&#699; al-Lughah al-&#699;Arabi&#772;yah, 1974.</subfield></datafield><datafield ind1=" " ind2=" " tag="500"><subfield code="a">Part of the Arabic Collections Online (ACO) project, contributed by Columbia University Libraries.</subfield></datafield><datafield ind1=" " ind2=" " tag="504"><subfield code="a">Includes bibliographical references and indexes.</subfield></datafield><datafield ind1=" " ind2=" " tag="500"><subfield code="a">On the correct recitation of the Koran; linguistic study.</subfield></datafield><datafield ind1=" " ind2=" " tag="533"><subfield code="a">Electronic reproduction.</subfield><subfield code="b">New York, N.Y. :</subfield><subfield code="c">New York University,</subfield><subfield code="d">2015.</subfield><subfield code="5">NNU</subfield></datafield><datafield ind1="0" ind2="0" tag="630"><subfield code="a">Qur&#700;an</subfield><subfield code="x">Language, style</subfield><subfield code="v">Early works to 1800.</subfield></datafield><datafield ind1=" " ind2="0" tag="650"><subfield code="a">Arabic language</subfield><subfield code="x">Inflection</subfield><subfield code="v">Early works to 1800.</subfield></datafield><datafield ind1="1" ind2=" " tag="700"><subfield code="6">880-05</subfield><subfield code="a">Sawwa&#772;s, Ya&#772;si&#772;n Muh&#803;ammad.</subfield></datafield><datafield ind1="1" ind2=" " tag="700"><subfield code="6">880-06</subfield><subfield code="a">Mi&#772;za&#772; Muh&#803;ammad, &#699;Ali&#772; Rad&#803;a&#772;.</subfield></datafield><datafield ind1="2" ind2=" " tag="710"><subfield code="a">Columbia University.</subfield><subfield code="b">Libraries.</subfield></datafield><datafield ind1="0" ind2=" " tag="730"><subfield code="a">Arabic Collections Online.</subfield></datafield><datafield ind1="0" ind2="8" tag="776"><subfield code="i">Print version:</subfield><subfield code="a">Qaysi&#772;, Makki&#772; ibn H&#803;ammu&#772;sh, 966-1045.</subfield><subfield code="t">Kita&#772;b mushkil i&#699;ra&#772;b al-Qur&#700;a&#772;n</subfield><subfield code="w">(NNC)1043397</subfield><subfield code="w">(OCoLC)19702022</subfield></datafield><datafield ind1="4" ind2="0" tag="856"><subfield code="u">http://hdl.handle.net/2333.1/612jm7v8</subfield></datafield><datafield ind1="1" ind2=" " tag="880"><subfield code="6">100-01/r</subfield><subfield code="a">&#1602;&#1610;&#1587;&#1610;&#1548; &#1605;&#1603;&#1610; &#1576;&#1606; &#1581;&#1605;&#1608;&#1588;&#1548; </subfield><subfield code="d">966-1045.</subfield></datafield><datafield ind1="1" ind2="0" tag="880"><subfield code="6">240-02/r</subfield><subfield code="a">&#1605;&#1588;&#1603;&#1604; &#1575;&#1593;&#1585;&#1575;&#1576; &#1575;&#1604;&#1602;&#1585;&#1571;&#1606;</subfield></datafield><datafield ind1="1" ind2="0" tag="880"><subfield code="6">245-03/r</subfield><subfield code="a">&#1603;&#1578;&#1575;&#1576; &#1605;&#1588;&#1603;&#1604; &#1575;&#1593;&#1585;&#1575;&#1576; &#1575;&#1604;&#1602;&#1585;&#1570;&#1606; /</subfield><subfield code="c">&#1578;&#1571;&#1604;&#1610;&#1601; &#1605;&#1603;&#1610; &#1576;&#1606; &#1575;&#1576;&#1610; &#1578;&#1575;&#1604; &#1575;&#1604;&#1602;&#1610;&#1587;&#1610; &#1563; &#1578;&#1581;&#1602;&#1610;&#1602; &#1610;&#1575;&#1587;&#1610;&#1606; &#1605;&#1581;&#1605;&#1583; &#1575;&#1604;&#1587;&#1608;&#1575;&#1587; &#1563; &#1605;&#1602;&#1583;&#1605;&#1577; &#1608;&#1588;&#1585;&#1581;&#1548; &#1593;&#1604;&#1610; &#1585;&#1590;&#1575; &#1605;&#1610;&#1585;&#1586;&#1575; &#1605;&#1581;&#1605;&#1583;.</subfield></datafield><datafield ind1=" " ind2=" " tag="880"><subfield code="6">260-04/r</subfield><subfield code="a">&#1591;&#1607;&#1585;&#1575;&#1606; :</subfield><subfield code="b">&#1575;&#1606;&#1578;&#1588;&#1575;&#1585;&#1575;&#1578; &#1606;&#1608;&#1585;&#1548;</subfield><subfield code="c">1362 [1983]</subfield></datafield><datafield ind1="1" ind2=" " tag="880"><subfield code="6">700-05/r</subfield><subfield code="a">&#1587;&#1608;&#1575;&#1587;&#1548; &#1610;&#1575;&#1587;&#1610;&#1606; &#1605;&#1581;&#1605;&#1583;.</subfield></datafield><datafield ind1="1" ind2=" " tag="880"><subfield code="6">700-06/r</subfield><subfield code="a">&#1605;&#1609;&#1586;&#1575; &#1605;&#1581;&#1605;&#1583;&#1548; &#1593;&#1604;&#1609; &#1585;&#1590;&#1575;.</subfield></datafield><datafield ind1=" " ind2=" " tag="959"><subfield code="a">NNU</subfield><subfield code="b">WEB</subfield><subfield code="c">GENI</subfield><subfield code="t">0</subfield><subfield code="m">Electronic access</subfield><subfield code="s">01</subfield></datafield><datafield ind1=" " ind2=" " tag="999"><subfield code="i">NNC_1043397</subfield><subfield code="o">(OCoLC)19702022</subfield></datafield></record>